@article{haskore
    ,author={Paul Hudak and Tom Makucevich and 
             Syam Gadde and Bo Whong}
    ,title={Haskore Music Notation -- An Algebra of Music}
    ,month=May
    ,year=1996
    ,volume=6
    ,number=3
    ,pages={465--483}
    ,journal={Journal of Functional Programming}
    } 
    
     @inproceedings{hudakberger95
    ,author={Paul Hudak and Jonathan Berger}
    ,title={A Model of Performance, Interaction, and Improvisation}
    ,booktitle={Proceedings of International Computer Music Conference}
    ,organization={Int'l Computer Music Association}
    ,year=1995
    }
    
    @article{gametheory
      ,author={Eric Walkingshaw and Martin Erwig}
      ,title={A Domain-Specific Language for Experimental Game Theory}
      ,year=2009
      ,volume=19
      ,pages={645--661}
      ,journal={Journal of Functional Programming (JFP)}
      }
      
      @mastersthesis{gametheorythesis
      ,author={Eric Walkingshaw}
      ,title={Domain-Specific Language Support for Experimental Game Theory}
      ,school={Oregon State University}
      ,year=2011
      }